
@Book{Akhter06,
  Title                    = {{Multi-Core Programming: Increasing Performance Through Software Multi-threading}},
  Author                   = {S. Akhter and J. Roberts},
  Publisher                = {Richard Bowles},
  Year                     = {2006}
}

@INPROCEEDINGS{Shende98-TAU,
  author = {Shende, Sameer and Malony, Allen D. and Cuny, Janice and Beckman,
	Peter and Karmesin, Steve and Lindlan, Kathleen},
  title = {{Portable Profiling and Tracing for Parallel, Scientific Applications
	Using C++}},
  booktitle = {Proceedings of the SIGMETRICS Symposium on Parallel and Distributed
	Tools},
  year = {1998},
  series = {SPDT '98},
  pages = {134--145},
  address = {New York, NY, USA},
  publisher = {ACM},
  acmid = {281049},
  doi = {10.1145/281035.281049},
  isbn = {1-58113-001-5},
  keywords = {C++, performance, profiling, tracing},
  location = {Welches, Oregon, USA},
  numpages = {12},
  url = {http://doi.acm.org/10.1145/281035.281049}
}